@article{AMininimalistTheory,
        author = "Noam Chomsky",
        title = "A minimalist program for linguistic theory",
        journal = "The view from Building 20: Essays in linguistics in honor of Sylvain Bromberger",
        volume = "1",
        year = "1993",
        pages = "1--52"
}

@book{Karimi05,
        author = "Simin Karimi",
        title = "A Minimalist Approach to Scrambling",
        publisher = "Addison-Wesley",
        address = "Reading, MA",
        year = "2005"
}

@unpublished{Karimi16,
        author = "Simin Karimi and Mohsen Mahdavi and Rana Nabors and Ryan Smith and Trevor Sullivan",
        title = "To do ellipsis or to not do: Constraints on ellipsis in Iranian Complex Predicates",
        note = "preprint",
        year = "2016"
}

@article{dbp,
    author  = "Noam Chomsky",
    title   = "Derivation by Phase",
    year    = "2001",
    journal = "Ken Hale: A Life in Language",
    volume  = "1",
    pages   = "1--52"
}

% Optional fields: editor, volume/number, series, pages, address, month, organization, publisher, note
@CONFERENCE{sandiway,
    author = "Sandiway Fong and Jason Ginsburg",
    title = "Minimalist Machine",
    booktitle = "University of Arizona SynSalon",
    year = "2015",
    month = "April",

}